@article{citeulike:630522,
    author = {Russell, J. A.},
    journal = {Journal of Personality and Social Psychology},
    keywords = {dimensional, emotion, model},
    pages = {1161--1178},
    title = {{A circumplex model of affect}},
    volume = {39},
    year = {1980}
}

@INPROCEEDINGS{Bertin-Mahieux2011,
    author = {Thierry Bertin-Mahieux and Daniel P.W. Ellis and Brian Whitman
        and Paul Lamere},
    title = {The Million Song Dataset},
    booktitle = {{Proceedings of the 12th International Conference on
        Music Information Retrieval ({ISMIR} 2011)}},
    year = {2011},
}

@inproceedings{schindler2012facilitating,
    title={Facilitating Comprehensive Benchmarking Experiments on the
        Million Song Dataset.},
    author={Schindler, Alexander and Mayer, Rudolf and Rauber, Andreas},
    booktitle={ISMIR},
    pages={469--474},
    year={2012}
}

@phdthesis{laurier2011automatic,
      title={Automatic Classification of musical mood by content-based
          analysis},
      author={Laurier, Cyril Fran{\c{c}}ois and others},
      year={2011},
      school={Universitat Pompeu Fabra}
}

@article{saari2014semantic,
    title={Semantic computing of moods based on tags in social media of
          music},
    author={Saari, Pasi and Eerola, Tuomas},
    journal={IEEE Transactions on Knowledge and Data Engineering},
    volume={26},
    number={10},
    pages={2548--2560},
    year={2014},
    publisher={IEEE}
}


